<?xml version="1.0" encoding="UTF-8"?><collection xmlns="http://www.loc.gov/MARC21/slim"><record><leader>00501nam--2200145-i-4500</leader><controlfield tag="001">000013356</controlfield><controlfield tag="002">20161230</controlfield><controlfield tag="005">20170209232614</controlfield><controlfield tag="008">060222s1000------------r-----000-0-eng-d</controlfield><datafield ind1=" " ind2=" " tag="100"><subfield code="a">Dilmi, Tahar</subfield></datafield><datafield ind1=" " ind2=" " tag="245"><subfield code="a">Bruit de conduction des semiconducteurs quasi-intrinseques role des surfaces dans l origine du bruit et influence d un champ magnetique</subfield><subfield code="b">these</subfield></datafield><datafield ind1=" " ind2=" " tag="260"><subfield code="a">Grenoble</subfield><subfield code="b">Institut National Polytechnique</subfield><subfield code="c">1978</subfield></datafield><datafield ind1=" " ind2=" " tag="300"><subfield code="a">78 p</subfield></datafield><datafield ind1=" " ind2=" " tag="852"><subfield code="a">621.315.592:537.811(043)</subfield></datafield><datafield ind1=" " ind2=" " tag="CAT"><subfield code="a">SYS</subfield><subfield code="c">20170209</subfield><subfield code="h">232614</subfield></datafield></record></collection>